<record><leader>00000cas a2200000 a 4500</leader><controlfield tag="001">84655093</controlfield><controlfield tag="008">070220d19771978miuwr ne      0   a0eng c</controlfield><datafield ind1=" " ind2=" " tag="010"><subfield code="a">sn2007060004</subfield></datafield><datafield ind1=" " ind2=" " tag="040"><subfield code="a">MHN</subfield><subfield code="b">eng</subfield><subfield code="c">MHN</subfield><subfield code="d">MHN</subfield><subfield code="d">OCLCQ</subfield><subfield code="d">OCLCF</subfield></datafield><datafield ind1="1" ind2=" " tag="029"><subfield code="a">AU@</subfield><subfield code="b">000041284965</subfield></datafield><datafield ind1=" " ind2=" " tag="042"><subfield code="a">pcc</subfield></datafield><datafield ind1=" " ind2=" " tag="043"><subfield code="a">n-us-mi</subfield></datafield><datafield ind1="0" ind2=" " tag="130"><subfield code="a">Iron River reporter (Iron River, Mich. : 1977)</subfield></datafield><datafield ind1="1" ind2="0" tag="245"><subfield code="a">Iron River reporter.</subfield></datafield><datafield ind1=" " ind2=" " tag="260"><subfield code="a">Iron River, Mich. :</subfield><subfield code="b">Northland Pub.</subfield></datafield><datafield ind1=" " ind2=" " tag="300"><subfield code="a">v.</subfield></datafield><datafield ind1=" " ind2=" " tag="310"><subfield code="a">Weekly</subfield></datafield><datafield ind1="0" ind2=" " tag="362"><subfield code="a">92nd yr., no. 18 (Jan. 5, 1977)-94th yr., no. 6 (Oct. 11, 1978).</subfield></datafield><datafield ind1=" " ind2="0" tag="651"><subfield code="a">Iron River (Mich.)</subfield><subfield code="v">Newspapers.</subfield></datafield><datafield ind1=" " ind2="0" tag="651"><subfield code="a">Iron County (Mich.)</subfield><subfield code="v">Newspapers.</subfield></datafield><datafield ind1=" " ind2="7" tag="655"><subfield code="a">Newspapers.</subfield><subfield code="2">fast</subfield><subfield code="0">(OCoLC)fst01423814</subfield></datafield><datafield ind1=" " ind2="7" tag="651"><subfield code="a">Michigan</subfield><subfield code="z">Iron County.</subfield><subfield code="2">fast</subfield><subfield code="0">(OCoLC)fst01214768</subfield></datafield><datafield ind1=" " ind2="7" tag="651"><subfield code="a">Michigan</subfield><subfield code="z">Iron River.</subfield><subfield code="2">fast</subfield><subfield code="0">(OCoLC)fst01219757</subfield></datafield><datafield ind1=" " ind2=" " tag="752"><subfield code="a">United States</subfield><subfield code="b">Michigan</subfield><subfield code="c">Iron</subfield><subfield code="d">Iron River.</subfield></datafield><datafield ind1="0" ind2="0" tag="780"><subfield code="t">Iron River reporter and Stambaugh-Caspian-Gaastra reporter</subfield><subfield code="w">(DLC)sn2007060006</subfield><subfield code="w">(OCoLC)84654900</subfield></datafield><datafield ind1="0" ind2="0" tag="785"><subfield code="t">Reporter (Iron River, Mich.)</subfield><subfield code="w">(DLC)sn2007060007</subfield><subfield code="w">(OCoLC)22102771</subfield></datafield></record>